<?xml version="1.0" encoding="UTF-8"?><collection xmlns="http://www.loc.gov/MARC21/slim"><record><leader>00369nam--2200145-i-4500</leader><controlfield tag="001">000019566</controlfield><controlfield tag="002">20161230</controlfield><controlfield tag="005">20161230201033</controlfield><controlfield tag="008">060222s1000------------r-----000-0-eng-d</controlfield><datafield ind1=" " ind2=" " tag="080"><subfield code="a">548.5</subfield></datafield><datafield ind1=" " ind2=" " tag="245"><subfield code="a">Epitaxial growth</subfield></datafield><datafield ind1=" " ind2=" " tag="260"><subfield code="a">New York,Academic Press, 1975. Xii + 381- 680 P</subfield></datafield><datafield ind1=" " ind2=" " tag="490"><subfield code="a">Materials Science And Technology</subfield></datafield><datafield ind1=" " ind2=" " tag="700"><subfield code="a">Matthews, W.J</subfield></datafield><datafield ind1=" " ind2=" " tag="852"><subfield code="a">43307</subfield></datafield></record></collection>